@misc{edu_cost_2024,
  author       = {{Kaggle}},
  title        = {Cost of International Education Dataset},
  year         = {2024},
  howpublished = {\url{https://www.kaggle.com/datasets/adilshamim8/cost-of-international-education}},
  note         = {Accessed: 2025-06-02}
}

@misc{qs2024,
  title        = {QS World University Rankings 2024},
  year         = {2024},
  howpublished = {\url{https://www.kaggle.com/datasets/darrylljk/worlds-best-universities-qs-rankings-2025}},
  note         = {Accessed: 2025-06-02}
}

@misc{qs2025,
  title        = {QS World University Rankings 2025},
  year         = {2025},
  howpublished = {\url{https://www.kaggle.com/datasets/joebeachcapital/qs-world-university-rankings-2024}},
  note         = {Accessed: 2025-06-02}
}
